<record xmlns="http://www.loc.gov/MARC21/slim">
    <leader>00457nam a2200157 1 4500</leader>
    <controlfield tag="001">577529</controlfield>
    <controlfield tag="005">20001120183057.0</controlfield>
    <controlfield tag="008">850611u        xx            0000  eng  </controlfield>
    <datafield tag="035" ind1=" " ind2=" ">
        <subfield code="9">(GRSN )00809159</subfield>
    </datafield>
    <datafield tag="035" ind1=" " ind2=" ">
        <subfield code="9">ACQ6971DL</subfield>
    </datafield>
    <datafield tag="040" ind1=" " ind2=" ">
        <subfield code="a">CaOKQ</subfield>
        <subfield code="b">eng </subfield>
    </datafield>
    <datafield tag="245" ind1="1" ind2="0">
        <subfield code="a">One of Prince Edward Island&apos;s historic spots.</subfield>
    </datafield>
    <datafield tag="260" ind1=" " ind2=" ">
        <subfield code="a">s.l., </subfield>
        <subfield code="b"> s.n., </subfield>
        <subfield code="c">[n.d.].</subfield>
    </datafield>
    <datafield tag="300" ind1=" " ind2=" ">
        <subfield code="a">12 p.  illus.  18 cm.</subfield>
    </datafield>
    <datafield tag="500" ind1=" " ind2=" ">
        <subfield code="a">Compliments of Mr. &amp; Mrs. J.O. Hyndman.</subfield>
    </datafield>
    <datafield tag="651" ind1=" " ind2="0">
        <subfield code="a">Prince Edward Island</subfield>
        <subfield code="x">History.</subfield>
    </datafield>
</record>
